@article{AB57,
  author     = {Auslander, Maurice and Buchsbaum, David A.},
  title      = {Homological dimension in local rings},
  journal    = {Trans. Amer. Math. Soc.},
  fjournal   = {Transactions of the American Mathematical Society},
  volume     = {85},
  year       = {1957},
  pages      = {390--405},
  issn       = {0002-9947},
  mrclass    = {18.0X},
  mrnumber   = {86822},
  mrreviewer = {C. Chevalley},
  doi        = {10.2307/1992937},
  url        = {https://doi.org/10.2307/1992937}
}

@article{ADSS93,
  author     = {Auslander, Maurice and Ding, Songqing and Solberg, \O yvind},
  title      = {Liftings and weak liftings of modules},
  journal    = {J. Algebra},
  fjournal   = {Journal of Algebra},
  volume     = {156},
  year       = {1993},
  number     = {2},
  pages      = {273--317},
  issn       = {0021-8693},
  mrclass    = {16D80},
  mrnumber   = {1216471},
  mrreviewer = {Dinh Van Huynh},
  doi        = {10.1006/jabr.1993.1076},
  url        = {https://doi.org/10.1006/jabr.1993.1076}
}

@inproceedings{AR73,
  author     = {Auslander, Maurice and Reiten, Idun},
  title      = {Stable equivalence of {A}rtin algebras},
  booktitle  = {Proceedings of the {C}onference on {O}rders, {G}roup {R}ings
	and {R}elated {T}opics ({O}hio {S}tate {U}niv., {C}olumbus,
	{O}hio, 1972)},
  pages      = {8--71. Lecture Notes in Math., Vol. 353},
  year       = {1973},
  mrclass    = {16A46},
  mrnumber   = {0335575},
  mrreviewer = {S. S. Page}
}

@article{AR75,
  author     = {Auslander, Maurice and Reiten, Idun},
  title      = {On a generalized version of the {N}akayama conjecture},
  journal    = {Proc. Amer. Math. Soc.},
  fjournal   = {Proceedings of the American Mathematical Society},
  volume     = {52},
  year       = {1975},
  pages      = {69--74},
  issn       = {0002-9939},
  mrclass    = {16A52},
  mrnumber   = {389977},
  mrreviewer = {S. S. Page},
  doi        = {10.2307/2040102},
  url        = {https://doi.org/10.2307/2040102}
}

@article{AR91,
  author     = {Auslander, Maurice and Reiten, Idun},
  title      = {Applications of contravariantly finite subcategories},
  journal    = {Adv. Math.},
  fjournal   = {Advances in Mathematics},
  volume     = {86},
  year       = {1991},
  number     = {1},
  pages      = {111--152},
  issn       = {0001-8708},
  mrclass    = {16G10 (16D90)},
  mrnumber   = {1097029},
  mrreviewer = {Dieter Happel},
  doi        = {10.1016/0001-8708(91)90037-8},
  url        = {https://doi.org/10.1016/0001-8708(91)90037-8}
}

@book{ARS97,
  author    = {Auslander, Maurice and Reiten, Idun and Smal\o , Sverre O.},
  title     = {Representation theory of {A}rtin algebras},
  series    = {Cambridge Studies in Advanced Mathematics},
  volume    = {36},
  note      = {Corrected reprint of the 1995 original},
  publisher = {Cambridge University Press, Cambridge},
  year      = {1997},
  pages     = {xiv+425},
  isbn      = {0-521-41134-3; 0-521-59923-7},
  mrclass   = {16Gxx (16-02)},
  mrnumber  = {1476671}
}

@book{ASS06,
  author     = {Assem, Ibrahim and Simson, Daniel and Skowro\'{n}ski, Andrzej},
  title      = {Elements of the representation theory of associative algebras.
              {V}ol. 1},
  series     = {London Mathematical Society Student Texts},
  volume     = {65},
  note       = {Techniques of representation theory},
  publisher  = {Cambridge University Press, Cambridge},
  year       = {2006},
  pages      = {x+458},
  isbn       = {978-0-521-58423-4; 978-0-521-58631-3; 0-521-58631-3},
  mrclass    = {16G10 (16-02)},
  mrnumber   = {2197389},
  mrreviewer = {Peter W. Donovan},
  doi        = {10.1017/CBO9780511614309},
  url        = {https://doi.org/10.1017/CBO9780511614309}
}

@book{Aus71,
  title     = {Representation Dimension of Artin Algebras},
  author    = {Auslander, Maurice},
  series    = {Mathematics notes},
  url       = {https://books.google.no/books?id=vAP0zAEACAAJ},
  year      = {1971},
  publisher = {Queen Mary College, University of London}
}

@article{Aus74,
  author     = {Auslander, Maurice},
  title      = {Representation theory of {A}rtin algebras. {I}, {II}},
  journal    = {Comm. Algebra},
  fjournal   = {Communications in Algebra},
  volume     = {1},
  year       = {1974},
  pages      = {177--268; ibid. 1 (1974), 269--310},
  issn       = {0092-7872},
  mrclass    = {16A46 (18G05)},
  mrnumber   = {349747},
  mrreviewer = {S. S. Page},
  doi        = {10.1080/00927877408548230},
  url        = {https://doi.org/10.1080/00927877408548230}
}

@article{Bass60,
  author     = {Bass, Hyman},
  title      = {Finitistic dimension and a homological generalization of
	semi-primary rings},
  journal    = {Trans. Amer. Math. Soc.},
  fjournal   = {Transactions of the American Mathematical Society},
  volume     = {95},
  year       = {1960},
  pages      = {466--488},
  issn       = {0002-9947},
  mrclass    = {16.90 (16.40)},
  mrnumber   = {157984},
  mrreviewer = {F. Kasch},
  doi        = {10.2307/1993568},
  url        = {https://doi.org/10.2307/1993568}
}

@article{Bass62,
  author     = {Bass, Hyman},
  title      = {Injective dimension in {N}oetherian rings},
  journal    = {Trans. Amer. Math. Soc.},
  fjournal   = {Transactions of the American Mathematical Society},
  volume     = {102},
  year       = {1962},
  pages      = {18--29},
  issn       = {0002-9947},
  mrclass    = {16.25 (16.20)},
  mrnumber   = {138644},
  mrreviewer = {J. P. Jans},
  doi        = {10.2307/1993878},
  url        = {https://doi.org/10.2307/1993878}
}

@book{CE56,
  author    = {Cartan, Henri and Eilenberg, Samuel},
  title     = {Homological algebra},
  series    = {Princeton Landmarks in Mathematics},
  note      = {With an appendix by David A. Buchsbaum,
	Reprint of the 1956 original},
  publisher = {Princeton University Press, Princeton, NJ},
  year      = {1999},
  pages     = {xvi+390},
  isbn      = {0-691-04991-2},
  mrclass   = {18Gxx (01A75)},
  mrnumber  = {1731415}
}

@article{CH10,
  author     = {Christensen, Lars Winther and Holm, Henrik},
  title      = {Algebras that satisfy {A}uslander's condition on vanishing of
              cohomology},
  journal    = {Math. Z.},
  fjournal   = {Mathematische Zeitschrift},
  volume     = {265},
  year       = {2010},
  number     = {1},
  pages      = {21--40},
  issn       = {0025-5874},
  mrclass    = {16E65 (16E30)},
  mrnumber   = {2606948},
  mrreviewer = {Juan Ram\'{o}n Garc\'{\i}a Rozas},
  doi        = {10.1007/s00209-009-0500-4},
  url        = {https://doi.org/10.1007/s00209-009-0500-4}
}

@article{Chase60,
  author     = {Chase, Stephen U.},
  title      = {Direct products of modules},
  journal    = {Trans. Amer. Math. Soc.},
  fjournal   = {Transactions of the American Mathematical Society},
  volume     = {97},
  year       = {1960},
  pages      = {457--473},
  issn       = {0002-9947},
  mrclass    = {16.00 (18.00)},
  mrnumber   = {120260},
  mrreviewer = {D. Zelinsky},
  doi        = {10.2307/1993382},
  url        = {https://doi.org/10.2307/1993382}
}

@article{CT13,
  author     = {Celikbas, Olgur and Takahashi, Ryo},
  title      = {Auslander-{R}eiten conjecture and {A}uslander-{R}eiten
              duality},
  journal    = {J. Algebra},
  fjournal   = {Journal of Algebra},
  volume     = {382},
  year       = {2013},
  pages      = {100--114},
  issn       = {0021-8693},
  mrclass    = {13D07 (13H10)},
  mrnumber   = {3034475},
  mrreviewer = {Srikanth B. Iyengar},
  doi        = {10.1016/j.jalgebra.2013.02.007},
  url        = {https://doi.org/10.1016/j.jalgebra.2013.02.007}
}

@article{DrHa92,
  author     = {Dr\"{a}xler, Peter and Happel, Dieter},
  title      = {A proof of the generalized {N}akayama conjecture for algebras
	with {$J^{2l+1}=0$} and {$A/J^l$} representation finite},
  journal    = {J. Pure Appl. Algebra},
  fjournal   = {Journal of Pure and Applied Algebra},
  volume     = {78},
  year       = {1992},
  number     = {2},
  pages      = {161--164},
  issn       = {0022-4049},
  mrclass    = {16G10},
  mrnumber   = {1161339},
  mrreviewer = {Hagen Meltzer},
  doi        = {10.1016/0022-4049(92)90093-U},
  url        = {https://doi.org/10.1016/0022-4049(92)90093-U}
}

@article{EHIS04,
  author     = {Erdmann, Karin and Holm, Thorsten and Iyama, Osamu and
	Schr\"{o}er, Jan},
  title      = {Radical embeddings and representation dimension},
  journal    = {Adv. Math.},
  fjournal   = {Advances in Mathematics},
  volume     = {185},
  year       = {2004},
  number     = {1},
  pages      = {159--177},
  issn       = {0001-8708},
  mrclass    = {16G10 (16E10)},
  mrnumber   = {2058783},
  mrreviewer = {Dirk Kussin},
  doi        = {10.1016/S0001-8708(03)00169-5},
  url        = {https://doi.org/10.1016/S0001-8708(03)00169-5}
}

@book{FGR75,
  author     = {Fossum, Robert M. and Griffith, Phillip A. and Reiten, Idun},
  title      = {Trivial extensions of abelian categories},
  series     = {Lecture Notes in Mathematics, Vol. 456},
  note       = {Homological algebra of trivial extensions of abelian
	categories with applications to ring theory},
  publisher  = {Springer-Verlag, Berlin-New York},
  year       = {1975},
  pages      = {xi+122},
  mrclass    = {16A62 (18EXX)},
  mrnumber   = {0389981},
  mrreviewer = {Chr. U. Jensen}
}

@article{FS92,
  author     = {Fuller, K. R. and Saor\'{\i}n, M.},
  title      = {On the finitistic dimension conjecture for {A}rtinian rings},
  journal    = {Manuscripta Math.},
  fjournal   = {Manuscripta Mathematica},
  volume     = {74},
  year       = {1992},
  number     = {2},
  pages      = {117--132},
  issn       = {0025-2611},
  mrclass    = {16E10 (16P20)},
  mrnumber   = {1147557},
  mrreviewer = {Birge Huisgen-Zimmermann},
  doi        = {10.1007/BF02567662},
  url        = {https://doi.org/10.1007/BF02567662}
}

@article{GKK91,
  author     = {Green, Edward L. and Kirkman, Ellen and Kuzmanovich, James},
  title      = {Finitistic dimensions of finite-dimensional monomial algebras},
  journal    = {J. Algebra},
  fjournal   = {Journal of Algebra},
  volume     = {136},
  year       = {1991},
  number     = {1},
  pages      = {37--50},
  issn       = {0021-8693},
  mrclass    = {16E10 (16G20)},
  mrnumber   = {1085118},
  mrreviewer = {Alfred G. Wiedemann},
  doi        = {10.1016/0021-8693(91)90062-D},
  url        = {https://doi.org/10.1016/0021-8693(91)90062-D}
}

@misc{Gre20,
  title        = {Is there a finite dimensional algebra with left finitistic dimension different from its right finitistic dimension?},
  author       = {Jacob FG (https://mathoverflow.net/users/157483/jacob-fg)},
  howpublished = {MathOverflow},
  note         = {URL:https://mathoverflow.net/q/376211 (version: 2020-11-11)},
  eprint       = {https://mathoverflow.net/q/376211},
  url          = {https://mathoverflow.net/q/376211}
}

@article{GZH91,
  author     = {Green, Edward L. and Zimmermann-Huisgen, Birge},
  title      = {Finitistic dimension of {A}rtinian rings with vanishing
              radical cube},
  journal    = {Math. Z.},
  fjournal   = {Mathematische Zeitschrift},
  volume     = {206},
  year       = {1991},
  number     = {4},
  pages      = {505--526},
  issn       = {0025-5874},
  mrclass    = {16E10 (18G20)},
  mrnumber   = {1100835},
  mrreviewer = {William H. Gustafson},
  doi        = {10.1007/BF02571358},
  url        = {https://doi.org/10.1007/BF02571358}
}

@article{Hap93,
  author     = {Happel, Dieter},
  title      = {Reduction techniques for homological conjectures},
  journal    = {Tsukuba J. Math.},
  fjournal   = {Tsukuba Journal of Mathematics},
  volume     = {17},
  year       = {1993},
  number     = {1},
  pages      = {115--130},
  issn       = {0387-4982},
  mrclass    = {16E10 (16G10 18E30)},
  mrnumber   = {1233117},
  mrreviewer = {Sheila Brenner},
  doi        = {10.21099/tkbjm/1496162134},
  url        = {https://doi.org/10.21099/tkbjm/1496162134}
}

@article{HL04,
  author     = {Huneke, Craig and Leuschke, Graham J.},
  title      = {On a conjecture of {A}uslander and {R}eiten},
  journal    = {J. Algebra},
  fjournal   = {Journal of Algebra},
  volume     = {275},
  year       = {2004},
  number     = {2},
  pages      = {781--790},
  issn       = {0021-8693},
  mrclass    = {13D07 (13H10)},
  mrnumber   = {2052636},
  mrreviewer = {Juan Ram\'{o}n Garc\'{\i}a Rozas},
  doi        = {10.1016/j.jalgebra.2003.07.018},
  url        = {https://doi.org/10.1016/j.jalgebra.2003.07.018}
}

@article{HS04,
  author     = {Huneke, Craig and \c{S}ega, Liana M. and Vraciu, Adela N.},
  title      = {Vanishing of {E}xt and {T}or over some {C}ohen-{M}acaulay
              local rings},
  journal    = {Illinois J. Math.},
  fjournal   = {Illinois Journal of Mathematics},
  volume     = {48},
  year       = {2004},
  number     = {1},
  pages      = {295--317},
  issn       = {0019-2082},
  mrclass    = {13D07 (13H10)},
  mrnumber   = {2048226},
  mrreviewer = {Graham J. Leuschke},
  url        = {http://projecteuclid.org/euclid.ijm/1258136185}
}

@incollection{IgTo05,
  author     = {Igusa, Kiyoshi and Todorov, Gordana},
  title      = {On the finitistic global dimension conjecture for {A}rtin
	algebras},
  booktitle  = {Representations of algebras and related topics},
  series     = {Fields Inst. Commun.},
  volume     = {45},
  pages      = {201--204},
  publisher  = {Amer. Math. Soc., Providence, RI},
  year       = {2005},
  mrclass    = {16E10 (16G10)},
  mrnumber   = {2146250},
  mrreviewer = {Angela Holtmann}
}

@article{IgZa90,
  author   = {Igusa, Kiyoshi and Zacharia, Dan},
  title    = {Syzygy pairs in a monomial algebra},
  journal  = {Proc. Amer. Math. Soc.},
  fjournal = {Proceedings of the American Mathematical Society},
  volume   = {108},
  year     = {1990},
  number   = {3},
  pages    = {601--604},
  issn     = {0002-9939},
  mrclass  = {16P20 (16D50)},
  mrnumber = {1031675},
  doi      = {10.2307/2047776},
  url      = {https://doi.org/10.2307/2047776}
}

@article{IST90,
  author     = {Igusa, K. and Smal\o , S. O. and Todorov, G.},
  title      = {Finite projectivity and contravariant finiteness},
  journal    = {Proc. Amer. Math. Soc.},
  fjournal   = {Proceedings of the American Mathematical Society},
  volume     = {109},
  year       = {1990},
  number     = {4},
  pages      = {937--941},
  issn       = {0002-9939},
  mrclass    = {16D90 (16E10 18G20)},
  mrnumber   = {1027094},
  mrreviewer = {Hagen Meltzer},
  doi        = {10.2307/2048121},
  url        = {https://doi.org/10.2307/2048121}
}

@inproceedings{Iya02,
  author    = {Iyama, Osamu},
  title     = {Finiteness of representation dimension},
  booktitle = {Proceedings of the 34th {S}ymposium on {R}ing {T}heory and
	{R}epresentation {T}heory ({M}aebashi, 2001)},
  pages     = {21--25},
  publisher = {Symp. Ring Theory Represent. Theory Organ. Comm., Tsukuba},
  year      = {2002},
  mrclass   = {16G10},
  mrnumber  = {1927682}
}

@article{Jorg08,
  author     = {Jorgensen, David A.},
  title      = {Finite projective dimension and the vanishing of {${\rm
              Ext}_R(M,M)$}},
  journal    = {Comm. Algebra},
  fjournal   = {Communications in Algebra},
  volume     = {36},
  year       = {2008},
  number     = {12},
  pages      = {4461--4471},
  issn       = {0092-7872},
  mrclass    = {13D07 (13D05)},
  mrnumber   = {2473341},
  mrreviewer = {Adela N. Vraciu},
  doi        = {10.1080/00927870802179560},
  url        = {https://doi.org/10.1080/00927870802179560}
}

@article{Ko91,
  author     = {K{\"o}nig, Steffen},
  title      = {Tilting complexes, perpendicular categories and recollements
	of derived module categories of rings},
  journal    = {J. Pure Appl. Algebra},
  fjournal   = {Journal of Pure and Applied Algebra},
  volume     = {73},
  year       = {1991},
  number     = {3},
  pages      = {211--232},
  issn       = {0022-4049},
  mrclass    = {18E30 (16D90)},
  mrnumber   = {1124785},
  mrreviewer = {Jeremy Rickard},
  doi        = {10.1016/0022-4049(91)90029-2},
  url        = {https://doi.org/10.1016/0022-4049(91)90029-2}
}

@article{Moc65,
  author     = {Mochizuki, Horace},
  title      = {Finitistic global dimension for rings},
  journal    = {Pacific J. Math.},
  fjournal   = {Pacific Journal of Mathematics},
  volume     = {15},
  year       = {1965},
  pages      = {249--258},
  issn       = {0030-8730},
  mrclass    = {16.90},
  mrnumber   = {178026},
  mrreviewer = {H. Bass},
  url        = {http://projecteuclid.org/euclid.pjm/1102996006}
}

@article{MR04,
  author     = {Mantese, Francesca and Reiten, Idun},
  title      = {Wakamatsu tilting modules},
  journal    = {J. Algebra},
  fjournal   = {Journal of Algebra},
  volume     = {278},
  year       = {2004},
  number     = {2},
  pages      = {532--552},
  issn       = {0021-8693},
  mrclass    = {16G10 (16G20)},
  mrnumber   = {2071651},
  mrreviewer = {Zygmunt Pogorza\l y},
  doi        = {10.1016/j.jalgebra.2004.03.023},
  url        = {https://doi.org/10.1016/j.jalgebra.2004.03.023}
}

@article{Mu68,
  author     = {M{\"u}ller, Bruno J.},
  title      = {The classification of algebras by dominant dimension},
  journal    = {Canadian J. Math.},
  fjournal   = {Canadian Journal of Mathematics. Journal Canadien de
	Math\'{e}matiques},
  volume     = {20},
  year       = {1968},
  pages      = {398--409},
  issn       = {0008-414X},
  mrclass    = {16.50},
  mrnumber   = {224656},
  mrreviewer = {H. Tominaga},
  doi        = {10.4153/CJM-1968-037-9},
  url        = {https://doi.org/10.4153/CJM-1968-037-9}
}

@misc{Opp09,
  author       = {Oppermann, Steffen},
  title        = {Representation dimension of artin algebras},
  howpublished = {\url{https://folk.ntnu.no/opperman/repdim_survey.pdf}},
  year         = {2009}
}

@article{PV14,
  author     = {Psaroudakis, Chrysostomos and Vit\'{o}ria, Jorge},
  title      = {Recollements of module categories},
  journal    = {Appl. Categ. Structures},
  fjournal   = {Applied Categorical Structures. A Journal Devoted to
              Applications of Categorical Methods in Algebra, Analysis,
              Order, Topology and Computer Science},
  volume     = {22},
  year       = {2014},
  number     = {4},
  pages      = {579--593},
  issn       = {0927-2852},
  mrclass    = {18E35 (16S90 18E40)},
  mrnumber   = {3227608},
  mrreviewer = {Sven-Ake Wegner},
  doi        = {10.1007/s10485-013-9323-x},
  url        = {https://doi.org/10.1007/s10485-013-9323-x}
}

@article{RG71,
  author     = {Raynaud, Michel and Gruson, Laurent},
  title      = {Crit\`eres de platitude et de projectivit\'{e}. {T}echniques de
	``platification'' d'un module},
  journal    = {Invent. Math.},
  fjournal   = {Inventiones Mathematicae},
  volume     = {13},
  year       = {1971},
  pages      = {1--89},
  issn       = {0020-9910},
  mrclass    = {14A15 (13C10)},
  mrnumber   = {308104},
  mrreviewer = {Masaki Maruyama},
  doi        = {10.1007/BF01390094},
  url        = {https://doi.org/10.1007/BF01390094}
}

@article{Rick19,
  author     = {Rickard, Jeremy},
  title      = {Unbounded derived categories and the finitistic dimension
	conjecture},
  journal    = {Adv. Math.},
  fjournal   = {Advances in Mathematics},
  volume     = {354},
  year       = {2019},
  pages      = {106735, 21},
  issn       = {0001-8708},
  mrclass    = {16E35 (13D09 18E30)},
  mrnumber   = {3982972},
  mrreviewer = {Shengyong Pan},
  doi        = {10.1016/j.aim.2019.106735},
  url        = {https://doi.org/10.1016/j.aim.2019.106735}
}


@book{Ring84,
  author     = {Ringel, Claus Michael},
  title      = {Tame algebras and integral quadratic forms},
  series     = {Lecture Notes in Mathematics},
  volume     = {1099},
  publisher  = {Springer-Verlag, Berlin},
  year       = {1984},
  pages      = {xiii+376},
  isbn       = {3-540-13905-2},
  mrclass    = {16A64 (11E81 16A46)},
  mrnumber   = {774589},
  mrreviewer = {Yu. A. Drozd},
  doi        = {10.1007/BFb0072870},
  url        = {https://doi.org/10.1007/BFb0072870}
}

@article{RT74,
  author     = {Ringel, Claus Michael and Tachikawa, Hiroyuki},
  title      = {{${\rm QF}-3$} rings},
  journal    = {J. Reine Angew. Math.},
  fjournal   = {Journal f\"{u}r die Reine und Angewandte Mathematik. [Crelle's
	Journal]},
  volume     = {272},
  year       = {1974},
  pages      = {49--72},
  issn       = {0075-4102},
  mrclass    = {16A36},
  mrnumber   = {379578},
  mrreviewer = {E. A. Rutter}
}

@article{Trl01,
  author     = {Trlifaj, Jan},
  title      = {Approximations and the little finitistic dimension of
	{A}rtinian rings},
  journal    = {J. Algebra},
  fjournal   = {Journal of Algebra},
  volume     = {246},
  year       = {2001},
  number     = {1},
  pages      = {343--355},
  issn       = {0021-8693},
  mrclass    = {16E10},
  mrnumber   = {1872624},
  mrreviewer = {Stephen Tempest Aldrich},
  doi        = {10.1006/jabr.2001.8951},
  url        = {https://doi.org/10.1006/jabr.2001.8951}
}

@article{Wak88,
  author     = {Wakamatsu, Takayoshi},
  title      = {On modules with trivial self-extensions},
  journal    = {J. Algebra},
  fjournal   = {Journal of Algebra},
  volume     = {114},
  year       = {1988},
  number     = {1},
  pages      = {106--114},
  issn       = {0021-8693},
  mrclass    = {16A46 (16A60 16A64)},
  mrnumber   = {931903},
  mrreviewer = {Ibrahim Assem},
  doi        = {10.1016/0021-8693(88)90215-3},
  url        = {https://doi.org/10.1016/0021-8693(88)90215-3}
}

@article{Wang94,
  author     = {Wang, Yong},
  title      = {A note on the finitistic dimension conjecture},
  journal    = {Comm. Algebra},
  fjournal   = {Communications in Algebra},
  volume     = {22},
  year       = {1994},
  number     = {7},
  pages      = {2525--2528},
  issn       = {0092-7872},
  mrclass    = {16E10 (16G60 16P20)},
  mrnumber   = {1271620},
  mrreviewer = {J. Kuzmanovich},
  doi        = {10.1080/00927879408824974},
  url        = {https://doi.org/10.1080/00927879408824974}
}

@book{Wei94,
  author     = {Weibel, Charles A.},
  title      = {An introduction to homological algebra},
  series     = {Cambridge Studies in Advanced Mathematics},
  volume     = {38},
  publisher  = {Cambridge University Press, Cambridge},
  year       = {1994},
  pages      = {xiv+450},
  isbn       = {0-521-43500-5; 0-521-55987-1},
  mrclass    = {18-01 (16-01 17-01 20-01 55Uxx)},
  mrnumber   = {1269324},
  mrreviewer = {Kenneth A. Brown},
  doi        = {10.1017/CBO9781139644136},
  url        = {https://doi.org/10.1017/CBO9781139644136}
}

@article{Xi02,
  author     = {Xi, Changchang},
  title      = {Representation dimension and quasi-hereditary algebras},
  journal    = {Adv. Math.},
  fjournal   = {Advances in Mathematics},
  volume     = {168},
  year       = {2002},
  number     = {2},
  pages      = {193--212},
  issn       = {0001-8708},
  mrclass    = {16G10 (16E10)},
  mrnumber   = {1912131},
  mrreviewer = {Eduardo do Nascimento Marcos},
  doi        = {10.1006/aima.2001.2046},
  url        = {https://doi.org/10.1006/aima.2001.2046}
}

@incollection{Yam96,
  author     = {Yamagata, Kunio},
  title      = {Frobenius algebras},
  booktitle  = {Handbook of algebra, {V}ol. 1},
  series     = {Handb. Algebr.},
  volume     = {1},
  pages      = {841--887},
  publisher  = {Elsevier/North-Holland, Amsterdam},
  year       = {1996},
  mrclass    = {16L60 (16D50 16D90)},
  mrnumber   = {1421820},
  mrreviewer = {John Clark},
  doi        = {10.1016/S1570-7954(96)80028-3},
  url        = {https://doi.org/10.1016/S1570-7954(96)80028-3}
}

@article{ZH92,
  author     = {Zimmermann-Huisgen, Birge},
  title      = {Homological domino effects and the first finitistic dimension
	conjecture},
  journal    = {Invent. Math.},
  fjournal   = {Inventiones Mathematicae},
  volume     = {108},
  year       = {1992},
  number     = {2},
  pages      = {369--383},
  issn       = {0020-9910},
  mrclass    = {16E10 (18G20)},
  mrnumber   = {1161097},
  mrreviewer = {L. R. Vermani},
  doi        = {10.1007/BF02100610},
  url        = {https://doi.org/10.1007/BF02100610}
}

@incollection{ZH95,
  author     = {Zimmermann Huisgen, Birge},
  title      = {The finitistic dimension conjectures---a tale of {$3.5$}
              decades},
  booktitle  = {Abelian groups and modules ({P}adova, 1994)},
  series     = {Math. Appl.},
  volume     = {343},
  pages      = {501--517},
  publisher  = {Kluwer Acad. Publ., Dordrecht},
  year       = {1995},
  mrclass    = {16E10 (16P10 16P20)},
  mrnumber   = {1378224},
  mrreviewer = {John Clark}
}